<record><leader>01670cam a2200445 a 4500</leader><controlfield tag="001">6803306</controlfield><controlfield tag="003">OCoLC</controlfield><controlfield tag="005">20150202090945.0</controlfield><controlfield tag="008">140913s2015    caua     b    001 0 eng d</controlfield><datafield ind1=" " ind2=" " tag="015"><subfield code="a">GBB4D7096</subfield><subfield code="2">bnb</subfield></datafield><datafield ind1=" " ind2=" " tag="015"><subfield code="a">GBB4D8371</subfield><subfield code="2">bnb</subfield></datafield><datafield ind1="7" ind2=" " tag="016"><subfield code="a">016964580</subfield><subfield code="2">Uk</subfield></datafield><datafield ind1="7" ind2=" " tag="016"><subfield code="a">016965855</subfield><subfield code="2">Uk</subfield></datafield><datafield ind1=" " ind2=" " tag="020"><subfield code="a">9781452292014</subfield><subfield code="q">pbk</subfield></datafield><datafield ind1=" " ind2=" " tag="020"><subfield code="a">1452292019</subfield><subfield code="q">pbk</subfield></datafield><datafield ind1=" " ind2=" " tag="035"><subfield code="a">ocn890625028</subfield></datafield><datafield ind1=" " ind2=" " tag="040"><subfield code="a">BTCTA</subfield><subfield code="b">eng</subfield><subfield code="c">BTCTA</subfield><subfield code="d">BDX</subfield><subfield code="d">YDXCP</subfield><subfield code="d">UKMGB</subfield><subfield code="d">UAB</subfield><subfield code="d">AEU</subfield></datafield><datafield ind1=" " ind2=" " tag="043"><subfield code="a">n-us---</subfield></datafield><datafield ind1=" " ind2="4" tag="050"><subfield code="a">LB1715</subfield><subfield code="b">.D73 2015</subfield></datafield><datafield ind1="0" ind2="4" tag="082"><subfield code="a">370.71/1</subfield><subfield code="2">23</subfield></datafield><datafield ind1=" " ind2=" " tag="090"><subfield code="a">LB 1715 D73 2015</subfield><subfield code="b">AEU</subfield></datafield><datafield ind1="1" ind2=" " tag="100"><subfield code="a">Drago-Severson, Eleanor.</subfield></datafield><datafield ind1="1" ind2="0" tag="245"><subfield code="a">Reach the highest standard in professional learning :</subfield><subfield code="b">learning designs /</subfield><subfield code="c">Eleanor Drago-Severson, Patricia Roy, Valerie von Frank.</subfield></datafield><datafield ind1="3" ind2="0" tag="246"><subfield code="a">Learning designs</subfield></datafield><datafield ind1=" " ind2=" " tag="260"><subfield code="a">Thousand Oaks, Calif. :</subfield><subfield code="b">Corwin/Learning Forward,</subfield><subfield code="c">c2015.</subfield></datafield><datafield ind1=" " ind2=" " tag="300"><subfield code="a">xix, 107 p. :</subfield><subfield code="b">ill. ;</subfield><subfield code="c">23 cm.</subfield></datafield><datafield ind1=" " ind2=" " tag="336"><subfield code="a">text</subfield><subfield code="b">txt</subfield><subfield code="2">rdacontent</subfield></datafield><datafield ind1=" " ind2=" " tag="337"><subfield code="a">unmediated</subfield><subfield code="b">n</subfield><subfield code="2">rdamedia</subfield></datafield><datafield ind1=" " ind2=" " tag="338"><subfield code="a">volume</subfield><subfield code="b">nc</subfield><subfield code="2">rdacarrier</subfield></datafield><datafield ind1="1" ind2=" " tag="490"><subfield code="a">Reach the highest standard in professional learning series</subfield></datafield><datafield ind1=" " ind2=" " tag="504"><subfield code="a">Includes bibliographical references and index.</subfield></datafield><datafield ind1=" " ind2=" " tag="596"><subfield code="a">41</subfield></datafield><datafield ind1=" " ind2="0" tag="650"><subfield code="a">Teachers</subfield><subfield code="x">Training of</subfield><subfield code="z">United States.</subfield></datafield><datafield ind1=" " ind2="0" tag="650"><subfield code="a">Teachers</subfield><subfield code="x">In-service training</subfield><subfield code="z">United States.</subfield></datafield><datafield ind1=" " ind2="0" tag="650"><subfield code="a">Professional learning communities</subfield><subfield code="z">United States.</subfield></datafield><datafield ind1="1" ind2=" " tag="700"><subfield code="a">Roy, Patricia</subfield><subfield code="q">(Patricia A.)</subfield></datafield><datafield ind1="1" ind2=" " tag="700"><subfield code="a">Von Frank, Valerie.</subfield></datafield><datafield ind1=" " ind2="0" tag="830"><subfield code="a">Reach the highest standard in professional learning series.</subfield></datafield><datafield ind1=" " ind2=" " tag="949"><subfield code="a">LB 1715 D73 2015</subfield><subfield code="c">1</subfield><subfield code="h">UAED-B</subfield><subfield code="i">0162035238615</subfield></datafield><datafield ind1=" " ind2=" " tag="926"><subfield code="a">LB 1715 D73 2015</subfield><subfield code="w">LC</subfield><subfield code="c">1</subfield><subfield code="i">0162035238615</subfield><subfield code="l">FLOOR_2</subfield><subfield code="m">UAEDUC</subfield><subfield code="p">$150.00</subfield><subfield code="r">Y</subfield><subfield code="s">Y</subfield><subfield code="t">BOOK</subfield><subfield code="u">2/11/2015</subfield></datafield></record>